@misc{lapeyssonnie,
  title={La m{\'e}ningite c{\'e}r{\'e}bro-spinale en Afrique},
  author={Lapeyssonnie, L{\'e}on},
  year={1963},
  publisher={Organisation mondiale de la sant{\'e} Geneva}
}

@article{mueller2010hypothetical,
  title={A hypothetical explanatory model for meningococcal meningitis in the African meningitis belt},
  author={Mueller, Judith E and Gessner, Bradford D},
  journal={International Journal of Infectious Diseases},
  volume={14},
  number={7},
  pages={e553--e559},
  year={2010},
  publisher={Elsevier}
}

@article{molesworth2002meningitis,
  title={Where is the meningitis belt? Defining an area at risk of epidemic meningitis in Africa},
  author={Molesworth, Anna M and Thomson, Madeleine C and Connor, Stephen J and Cresswell, Mark P and Morse, Andrew P and Shears, Paul and Hart, C Anthony and Cuevas, Luis E},
  journal={Transactions of the royal society of tropical medicine and hygiene},
  volume={96},
  number={3},
  pages={242--249},
  year={2002},
  publisher={Elsevier}
}

@article{taha2002duality,
  title={The duality of virulence and transmissibility in Neisseria meningitidis},
  author={Taha, Muhamed-Kheir and Deghmane, Ala-Eddine and Antignac, Aude and Zarantonelli, Maria Leticia and Larribe, Mireille and Alonso, Jean-Michel},
  journal={Trends in microbiology},
  volume={10},
  number={8},
  pages={376--382},
  year={2002},
  publisher={Elsevier}
}
